@online{infervideo,
	author = {Jules Villard},
	title = {Finding Inter-Procedural Bugs at Scale},
	year = 2017,
	url = {https://mirrors.dotsrc.org/fosdem/2018/UD2.119/code_finding_inter_procedural_bugs_at_scale_with_infer_static_analyzer.mp4},
	urldate = {2018-04-18}
}

@online{curlmalloc,
	author = {Daniel Stenberg},
	title = {Fewer mallocs in curl},
	year = 2017,
	url = {https://daniel.haxx.se/blog/2017/04/22/fewer-mallocs-in-curl/},
	urldate = {2018-02-01}
}

@online{curlrelease,
	author = {cURL Contributors},
	title = {cURL ChangeLog},
	year = 1998,
	url = {https://github.com/curl/curl/commit/ae1912cb0d494b48d514d937826c9fe83ec96c4d#diff-e4eb329834da3d36278b1b7d943b3bc9R1379},
	urldate = {2018-04-13}
}

@online{curlcontribute1999,
	author = {cURL Contributors},
	title = {cURL Contributing Guidelines},
	year = 1999,
	url = {https://github.com/curl/curl/blob/ae1912cb0d494b48d514d937826c9fe83ec96c4d/CONTRIBUTE},
	urldate = {2018-04-16}
}

@online{curlcontribute2017,
	author = {cURL Contributors},
	title = {cURL Contributing Guidelines},
	year = 2017,
	url = {https://github.com/curl/curl/blob/36f0f47887563b2e016554dc0b8747cef39f746f/docs/CONTRIBUTE.md},
	urldate = {2018-04-16}
}

@online{notebookcheck,
	author = {NotebookCheck.net},
	title = {Intel Core i5 6200U Notebook Processor},
	year = 2015,
	url = {https://www.notebookcheck.net/Intel-Core-i5-6200U-Notebook-Processor.149437.0.html},
	urldate = {2018-03-15}
}

@online{frama,
	author = {Frama-C},
	title = {Frama-C Static Analyzer},
	year = 2008,
	url = {http://frama-c.com/},
	urldate = {2018-04-18}
}

@online{clang-analyzer,
	author = {LLVM},
	title = {clang-analyzer Static Analyzer},
	year = 2007,
	url = {http://clang-analyzer.llvm.org/},
	urldate = {2018-04-18}
}

@online{fbinfer,
	author = {Facebook},
	title = {Infer Static Analyzer},
	year = 2013,
	url = {http://fbinfer.com/},
	urldate = {2018-03-01}
}

@article{stackvheap,
	title={Empirical and analytic study of stack versus heap cost for languages with closures},
	author={Appel, A.~W. and Shao, Z.},
	journal={Journal of Functional Programming},
	volume={6},
	number={1},
	pages={47--74},
	year={1996},
	publisher={Cambridge University Press}
}

@incollection{uniprocessorgc,
	title={Uniprocessor garbage collection techniques},
	author={Wilson, P.~R.},
	booktitle={Memory Management},
	pages={1--42},
	year={1992},
	publisher={Springer}
}

@techreport{proebstingslaw,
  title={On Proebstingâ€™s law},
  author={Scott, Kevin},
  year={2001},
  institution={Technical Report CS-2001-12, Department of Computer Science, University of Virginia}
}

@inproceedings{predictors,
  title={Using lifetime predictors to improve memory allocation performance},
  author={Barrett, David A and Zorn, Benjamin G},
  booktitle={ACM SIGPLAN Notices},
  volume={28},
  number={6},
  pages={187--196},
  year={1993},
  organization={ACM}
}

@inproceedings{mallocperf,
  title={Real-time performance of dynamic memory allocation algorithms},
  author={Puaut, Isabelle},
  booktitle={Real-Time Systems, 2002. Proceedings. 14th Euromicro Conference on},
  pages={41--49},
  year={2002},
  organization={IEEE}
}

@article{stackvgc,
  title={Garbage collection can be faster than stack allocation},
  author={Appel, Andrew W},
  journal={Information Processing Letters},
  volume={25},
  number={4},
  pages={275--279},
  year={1987},
  publisher={Elsevier}
}
